@misc{paths_and_trajectories,
  author = {Peter Corke},
  title = {Robot Academy: Summary of paths and trajectories},
  year = {2025},
  url = {http://robotacademy.net.au/masterclass/paths-and-trajectories/?lesson=107},
  note = {Accessed: 2025-02-18}
}

@misc{visualizing_quaternions,
  author = {Grant Sanderson, Ben Eater},
  title = {Visualizing quaternionsquaternions},
  year = {2019},
  url = {https://eater.net/quaternions},
  note = {Accessed: 2025-04-13}
}

@misc{3D_rotation_converter,
  author = {Andre Gaschler},
  title = {3D Rotation Converter},
  year = {2019},
  url = {https://www.andre-gaschler.com/rotationconverter/},
  note = {Accessed: 2025-04-13}
}

@misc{rotation_calculator,
  author = {Josh Newans},
  title = {Articulated robotics: Rotation calculator},
  year = {2024},
  url = {https://articulatedrobotics.xyz/tools/rotation-calculator},
  note = {Accessed: 2025-04-13}
}

@misc{point_to_point,
  author = {Islam S. M. Khalil},
  title = {Trajectory for Point to Point Motion},
  year = {2025},
  url = {https://eii.cv.uma.es/pluginfile.php/751768/mod_folder/content/0/Trajectory_Planning_Islam_Khalil.pdf?forcedownload=1},
  note = {Accessed: 2025-03-02}
}

@misc{joint_trajectory_planning,
  author = {Alessandro De Luca},
  title = {Trajectory planning},
  year = {2025},
  url = {https://eii.cv.uma.es/pluginfile.php/751768/mod_folder/content/0/Trajectory_Planning_Alessandro_de_Luca.pdf?forcedownload=1},
  note = {Accessed: 2025-03-02}
}

@misc{cartesian_trajectory_planning,
  author = {Alessandro De Luca},
  title = {Trajectory planning in Cartesian space},
  year = {2025},
  url = {https://eii.cv.uma.es/pluginfile.php/751768/mod_folder/content/0/Trajectory_Planning_Cartesian_Space_Alessandro_de_Luca.pdf?forcedownload=1},
  note = {Accessed: 2025-03-02}
}

@article{taylor1979planning,
  title={Planning and execution of straight line manipulator trajectories},
  author={Taylor, Russell H},
  journal={IBM Journal of Research and Development},
  volume={23},
  number={4},
  pages={424--436},
  year={1979},
  publisher={IBM},
  url = {https://eii.cv.uma.es/pluginfile.php/751768/mod_folder/content/0/Straight%20Line%20Manipulator%20Trajectories.pdf?forcedownload=1}
}

@article{paul1979manipulator,
  title={Manipulator Cartesian path control},
  author={Paul, Richard},
  journal={IEEE Transactions on systems, man, and cybernetics},
  volume={9},
  number={11},
  pages={702--711},
  year={1979},
  publisher={IEEE},
  url = {https://eii.cv.uma.es/pluginfile.php/751768/mod_folder/content/0/Manipulator_Cartesian_Path_Control.pdf?forcedownload=1}
}

@inproceedings{hollerbach1983dynamic,
  title={Dynamic scaling of manipulator trajectories},
  author={Hollerbach, John M},
  booktitle={1983 American Control Conference},
  pages={752--756},
  year={1983},
  organization={IEEE},
  url={https://eii.cv.uma.es/pluginfile.php/751768/mod_folder/content/0/Dynamic_Scaling_of_Manipulator_Trajectories.pdf?forcedownload=1}
}

@article{vukobratovic1982method,
  title={A method for optimal synthesis of manipulation robot trajectories},
  author={Vukobratovi{\'c}, M and Kir{\'c}anski, M},
  year={1982}
}

@article{tagliavini2023smooth,
  title={A smooth orientation planner for trajectories in the cartesian space},
  author={Tagliavini, Andrea and Bianco, Corrado Guarino Lo},
  journal={IEEE Robotics and Automation Letters},
  volume={8},
  number={5},
  pages={2606--2613},
  year={2023},
  publisher={IEEE},
  url={https://eii.cv.uma.es/pluginfile.php/751768/mod_folder/content/0/A_Smooth_Orientation_Planner_for_Trajectories_in_the_Cartesian_Space.pdf?forcedownload=1}
}

@article{luh1983conventional,
  title={Conventional controller design for industrial robotsâ€”a tutorial},
  author={Luh, JYS},
  journal={IEEE Transactions on Systems, Man, and Cybernetics},
  number={3},
  pages={298--316},
  year={1983},
}

@article{barrientos2007fundamentos,
  title={Fundamentos de rob{\'o}tica},
  author={Barrientos, Antonio and others},
  year={2007},
  publisher={Biblioteca Hern{\'a}n Malo Gonz{\'a}lez}
}

@book{sciavicco2010robotics,
  title={Robotics: modelling, planning and control},
  author={Siciliano, Bruno and Sciavicco, Lorenzo and Villani, Luigi and Oriolo, Giuseppe},
  year={2010},
  publisher={Springer}
}

@book{lynch2017modern,
  title={Modern robotics},
  author={Lynch, Kevin M and Park, Frank C},
  year={2017},
  publisher={Cambridge University Press}
}

@misc{corke_robot_joint_control,
  author = {Peter Corke},
  title = {Robot Academy: Robot Joint Control},
  year = {2025},
  url = {https://robotacademy.net.au/masterclass/robot-joint-control/?lesson=364},
  note = {Accessed: 2025-05-13}
}